<?xml version="1.0" encoding="UTF-8"?><collection xmlns="http://www.loc.gov/MARC21/slim"><record><leader>00419nam--2200145-i-4500</leader><controlfield tag="001">000005162</controlfield><controlfield tag="002">20161230</controlfield><controlfield tag="005">20170209234949</controlfield><controlfield tag="008">060222s1000------------r-----000-0-eng-d</controlfield><datafield ind1=" " ind2=" " tag="100"><subfield code="a">Dallaporta, N</subfield></datafield><datafield ind1=" " ind2=" " tag="245"><subfield code="a">Parity conservation and baryon mass-differences in strong interactions</subfield></datafield><datafield ind1=" " ind2=" " tag="260"><subfield code="a">Padova</subfield><subfield code="b">Instituto Di Fisica Dell Universita</subfield><subfield code="c">1960</subfield></datafield><datafield ind1=" " ind2=" " tag="300"><subfield code="a">7 p</subfield></datafield><datafield ind1=" " ind2=" " tag="700"><subfield code="a">Pandit, L. K</subfield></datafield><datafield ind1=" " ind2=" " tag="CAT"><subfield code="a">SYS</subfield><subfield code="c">20170209</subfield><subfield code="h">234949</subfield></datafield></record></collection>